@misc{kolosov2025counting,
    author = "Petro Kolosov",
    title = "{Counting Primes and Twin-Primes Using Minimal Goldbach Pairs}",
    year = {2025},
    howpublished = "\url{https://kolosovpetro.github.io/pdf/MinimalGoldbachPairsInPrimesCounting.pdf}",
    note = "Accessed: 2025-04-18"
}
