@misc{yamagishi2025goldbach,
    author = {Yamagishi, Michel},
    year = {2025},
    month = {02},
    title = {Goldbach's Conjecture and how to calculate $\pi(n)$ and $\pi_2(n)$},
    doi = {10.13140/RG.2.2.22119.76963},
    note = {\url{http://dx.doi.org/10.13140/RG.2.2.22119.76963}},
}

@misc{oeis_A000720,
    author = "{The OEIS Foundation Inc.}",
    title = "{The On-Line Encyclopedia of Integer Sequences}, A000720: Number of primes less than or equal to n.",
    year = {2025},
    howpublished = "\url{https://oeis.org/A000720}",
    note = "Accessed: 2025-04-18"
}

@misc{oeis_A007508,
    author = "{The OEIS Foundation Inc.}",
    title = "{The On-Line Encyclopedia of Integer Sequences}, A007508: Number of twin prime pairs below 10 to power N.",
    year = {2025},
    howpublished = "\url{https://oeis.org/A007508}",
    note = "Accessed: 2025-04-18"
}

