@misc{yamagishi2025goldbach,
    author = {Yamagishi, Michel},
    year = {2025},
    title = {Goldbach's Conjecture and how to calculate $\pi(n)$ and $\pi_2(n)$},
    doi = {10.13140/RG.2.2.22119.76963},
    note = {\url{http://dx.doi.org/10.13140/RG.2.2.22119.76963}},
}

@misc{oeis_A000720,
    author = "{The OEIS Foundation Inc.}",
    title = "{The On-Line Encyclopedia of Integer Sequences, A000720: Number of primes less than or equal to N.}",
    year = {2025},
    howpublished = "\url{https://oeis.org/A000720}",
    note = "Accessed: 2025-04-18"
}

@misc{oeis_A007508,
    author = "{The OEIS Foundation Inc.}",
    title = "{The On-Line Encyclopedia of Integer Sequences, A007508: Number of twin prime pairs below 10 to power N.}",
    year = {2025},
    howpublished = "\url{https://oeis.org/A007508}",
    note = "Accessed: 2025-04-18"
}

@misc{oeis:A065091,
    author = "{The OEIS Foundation Inc.}",
    title = "{The On-Line Encyclopedia of Integer Sequences, A065091: Odd primes}",
    year = {2025},
    howpublished = "\url{https://oeis.org/A065091}",
    note = "Accessed: 2025-04-18"
}

@misc{oeis:A049591,
    author = "{The OEIS Foundation Inc.}",
    title = "{The On-Line Encyclopedia of Integer Sequences, A049591: Odd primes p such that p+2 is composite.}",
    year = {2025},
    howpublished = "\url{https://oeis.org/A049591}",
    note = "Accessed: 2025-04-18"
}

@misc{oeis:A124582,
    author = "{The OEIS Foundation Inc.}",
    title = "{The On-Line Encyclopedia of Integer Sequences, A124582: Primes p such that q-p greater of equal 6, where q is the next prime after p.}",
    year = {2025},
    howpublished = "\url{https://oeis.org/A124582}",
    note = "Accessed: 2025-04-18"
}

@misc{kolosovpetro2025minimalgoldbachpairs,
    author       = "Petro Kolosov",
    title        = "{Minimal Goldbach Pairs (GitHub)}",
    year         = {2025},
    howpublished = "\url{https://github.com/kolosovpetro/MinimalGoldbachPairs}",
    note         = "Accessed: 2025-04-18"
}

@misc{oeis:A001359,
    author       = "{The OEIS Foundation Inc.}",
    title        = "{The On-Line Encyclopedia of Integer Sequences}, A001359: Lesser of twin primes.",
    year         = {2025},
    howpublished = "\url{https://oeis.org/A001359}",
    note         = "Accessed: 2025-04-18"
}

@misc{oeis:A023200,
    author       = "{The OEIS Foundation Inc.}",
    title        = "{The On-Line Encyclopedia of Integer Sequences}, A023200: Primes p such that p + 4 is also prime.",
    year         = {2025},
    howpublished = "\url{https://oeis.org/A023200}",
    note         = "Accessed: 2025-04-18"
}
